@Misc{linux,
key = {Linux},
title = {Linux {O}nline: {A}bout the {L}inux {O}peration {S}ystem},
howpublished = {Disponível em \textit{http://www.linux.org/info/index.html}},
year = {1994},
note = {Acessado em: 28 de Outubro de 2010. Última atualização: 16 de
Fevereiro de 2007},
}

@book{Knuth78,
 author = {Donald Ervin Knuth},
 title = {The  Art of Computer Programming, 2nd Ed. (Addison-Wesley Series in Computer Science and Information},
 year = {1978},
 publisher = {Addison-Wesley},
 address = {Boston, USA},
}

@article{Chandrasekaran99,
 author = {B. Chandrasekaran and John R. Josephson and V. Richard Benjamins},
 title = {What {A}re {O}ntologies, and {W}hy {D}o {W}e {N}eed {T}hem?},
 journal = {IEEE Intelligent Systems},
 volume = {14},
 number = {1},
 year = {1999},
 issn = {1541-1672},
 pages = {20--26},
 doi = {http://dx.doi.org/10.1109/5254.747902},
 publisher = {IEEE Educational Activities Department},
 address = {Piscataway, USA},
 }

@MastersThesis{Denaux05,
author = {R. O. Denaux},
title = {Ontology-based {I}nteractive {U}ser {M}odeling for {A}daptive {W}eb
{I}nformation {S}ystems},
school = {Technische Universiteit Eindhoven},
year = {2005},
address = {Eindhoven, Holand},
month = {January},
}

@PhdThesis{meudec98,
author = {Christophe Meudec},
title = {Automatic Generation of Software Test Cases From Formal
Specifications},
school = {Queen's University of Belfast},
year = {1998},
address = {Northern Ireland, UK},
month = {May},
type = {Tese de {D}outorado}
}

@inproceedings{berndt03,
author = {D. Berndt and J. Fisher and L. Johnson and J. Pinglikar and A.
Watkins},
title = {Breeding {S}oftware {T}est {C}ases with {G}enetic {A}lgorithms},
booktitle = {Proceedings of the 36th Annual Hawaii International Conference on
System Sciences (HICSS'03) - Track 9},
year = {2003},
isbn = {0-7695-1874-5},
pages = {338},
publisher = {IEEE Computer Society},
address = {Washington, DC, USA},
}